<record><leader>00000cas a22000007a 4500</leader><controlfield tag="001">10088657</controlfield><controlfield tag="008">831103d19701991ctuwr ne      0   a0eng d</controlfield><datafield ind1=" " ind2=" " tag="010"><subfield code="a">sn 83003354 </subfield></datafield><datafield ind1=" " ind2=" " tag="040"><subfield code="a">NSD</subfield><subfield code="b">eng</subfield><subfield code="c">NSD</subfield><subfield code="d">CNW</subfield><subfield code="d">OCLCQ</subfield></datafield><datafield ind1=" " ind2=" " tag="012"><subfield code="m">1</subfield></datafield><datafield ind1="1" ind2=" " tag="022"><subfield code="a">0746-505X</subfield><subfield code="l">0746-505X</subfield><subfield code="2">1</subfield></datafield><datafield ind1=" " ind2=" " tag="032"><subfield code="a">628020</subfield><subfield code="b">USPS</subfield></datafield><datafield ind1=" " ind2=" " tag="037"><subfield code="b">Bristol Press Publishing Co., 44 Union St., Thomaston, CT 06787</subfield></datafield><datafield ind1=" " ind2=" " tag="042"><subfield code="a">nsdp</subfield><subfield code="a">msc</subfield></datafield><datafield ind1="0" ind2=" " tag="130"><subfield code="a">Express (Thomaston, Conn.)</subfield></datafield><datafield ind1=" " ind2="4" tag="222"><subfield code="a">The Express</subfield><subfield code="b">(Thomaston, Conn.)</subfield></datafield><datafield ind1="1" ind2="4" tag="245"><subfield code="a">The express.</subfield></datafield><datafield ind1=" " ind2=" " tag="260"><subfield code="a">Thomaston, Conn. :</subfield><subfield code="b">Northwest Pub. Co.</subfield></datafield><datafield ind1=" " ind2=" " tag="310"><subfield code="a">Weekly,</subfield><subfield code="b">June 29, 1972-1991</subfield></datafield><datafield ind1=" " ind2=" " tag="321"><subfield code="a">Weekly (except 1st week in July),</subfield><subfield code="b">1970-June 22, 1972</subfield></datafield><datafield ind1="0" ind2=" " tag="362"><subfield code="a">Sept. 3, 1970-117th year, v. [i.e. no.] 13 (Mar. 29, 1991).</subfield></datafield><datafield ind1=" " ind2=" " tag="500"><subfield code="a">Published in Bristol, Conn., &lt;May 29, 1980&gt;-1991.</subfield></datafield><datafield ind1=" " ind2=" " tag="530"><subfield code="a">Available on microfilm from Connecticut State Library, Hartford, Conn., 1970-1975 and from UMI, 1980-1991.</subfield></datafield><datafield ind1=" " ind2=" " tag="588"><subfield code="a">Latest issue consulted: Our 111th year, v. 46 (Thursday, Nov. 14, 1985).</subfield></datafield><datafield ind1=" " ind2="4" tag="651"><subfield code="a">Thomaston (Conn.)</subfield><subfield code="v">Newspapers.</subfield></datafield><datafield ind1=" " ind2="4" tag="651"><subfield code="a">Plymouth (Conn.)</subfield><subfield code="v">Newspapers.</subfield></datafield><datafield ind1=" " ind2="4" tag="651"><subfield code="a">Litchfield (Conn.)</subfield><subfield code="v">Newspapers.</subfield></datafield><datafield ind1=" " ind2=" " tag="752"><subfield code="a">United States</subfield><subfield code="b">Connecticut</subfield><subfield code="c">Hartford</subfield><subfield code="d">Bristol.</subfield></datafield><datafield ind1="0" ind2="0" tag="780"><subfield code="t">Thomaston express (Thomaston, Conn.)</subfield><subfield code="w">(DLC)sn 93053923</subfield></datafield><datafield ind1="0" ind2="0" tag="785"><subfield code="t">Thomaston express (Bristol, Conn.)</subfield><subfield code="w">(DLC)sn 93053924</subfield></datafield><datafield ind1="1" ind2=" " tag="029"><subfield code="a">AU@</subfield><subfield code="b">000020408343</subfield></datafield></record>